% BibTeX customization

% people
@string{mtr = "Marshall T. Rose"}

% places
@string{nic = "ARPA Internet Network Information Center"}
@string{nrtc = "Northrop Research and Technology Center"}
@string{sri = "SRI International"}
@string{uci = "University of California, Irvine"}
@string{udel = "University of Delaware"}
@string{cis = "Department of Computer and Information Sciences"}
@string{ics = "Department of Information and Computer Science"}
@string{rand = "The Rand Corporation"}

% journals
@string{cn/isdn = "Computer Networks and ISDN Systems"}
@string{ccr = "Computer Communication Review"}
@string{ieeecm = "IEEE Communications Magazine"}

% types
@string{rfc = "Request for Comments"}
