% ``Software'' bibliography database for BiB-TeX


@misc{AmSTeX,
	author	=	"Michael Spivak",
	title	=	"{Summary of \AmSTeX{}}",
	month	=	sep,
	year	=	1983
}

@misc{BibTeX,
	author	=	"Oren Patashnik",
	title	=	"{\BibTeX{}ing}",
	month	=	may,
	year	=	1983
}

@misc{Emacs,
	author	=	"James Gosling",
	title	=	"{UNIX EMACS, UCI Version}",
	month	=	may,
	year	=	1982
}

@book{LaTeXbook,
	author	=	"Leslie Lamport",
	title	=	"{\LaTeX{}: A Document Preparation System}",
	publisher=	{Addison-Wesley},
	address=	{Reading, Massachusetts},
	year	=	1985
}

@manual{MH.ADM,
	title	=	"{The Rand MH Message Handling System:
			Administrator's Guide}",
	edition	=	{\mh6},
	author	=	mtr,
	organization=	ics,
	address	=	uci,
	month	=	nov,
	year	=	1985,
	note	=	{UCI Version}
}

@manual{MH.BB,
	title	=	"{The Rand MH Message Handling System:
			The UCI BBoards Facility}",
	author	=	mtr,
	organization=	cis,
	address	=	udel,
	month	=	oct,
	year	=	1984
}

@manual{MH.POP,
	title	=	"{Post Office Protocol (revised)}",
	author	=	mtr,
	organization=	cis,
	address	=	udel,
	month	=	oct,
	year	=	1984
}

@manual{MH.XPOP,
	title	=	"{Post Office Protocol (revised)
			Extended Service Offerings}",
	author	=	mtr,
	organization=	nrtc,
	month	=	dec,
	year	=	1985
}

@manual{MH.USR,
	title	=	"{The Rand MH Message Handling System:
			User's Manual}",
	edition	=	{\mh6},
	author	=	"Marshall T. Rose and John L. Romine",
	organization=	ics,
	address	=	uci,
	month	=	nov,
	year	=	1985,
	note	=	{UCI Version}
}

@manual{MH.TUT,
	title	=	"{The Rand MH Message Handling System:
			Tutorial}",
	author	=	"Marshall T. Rose and Jerry N. Sweet",
	organization=	cis,
	address	=	udel,
	month	=	oct,
	year	=	1984
}

@manual{MH.4,
	title	=	"{Changes to the Rand MH Message Handling System:
			MH.4}",
	author	=	mtr,
	organization=	ics,
	address	=	uci,
	month	=	jul,
	year	=	1984
}

@manual{MH.5,
	title	=	"{Changes to the Rand MH Message Handling System:
			MH.5}",
	author	=	mtr,
	organization=	cis,
	address	=	udel,
	month	=	jan,
	year	=	1985
}

@manual{MH.6,
	title	=	"{Changes to the Rand MH Message Handling System:
			MH.6}",
	author	=	mtr,
	organization=	nrtc,
	month	=	nov,
	year	=	1985
}

@manual{MH6.4,
	title	=	"{Changes to the Rand MH Message Handling System:
			MH \#6.4 for 4.3BSD UNIX}",
	author	=	mtr,
	organization=	nrtc,
	month	=	feb,
	year	=	1986
}

@inproceedings{MMDF,
	author	=	"David H. Crocker and E.S. Szurkowski and
			 David J. Farber",
	title	=	"{An Internetwork Memo Distribution
			Facility~---~MMDF}",
	booktitle=	"{Proceedings, Sixth Data Communications Symposium}",
	pages	=	{18--25},
	month	=	nov,
	year	=	1979,
	note	=	{Asilomar}
}

@inproceedings{MMDFII,
	author	=	"Douglas P. Kingston~III",
	title	=	"{MMDFII: A Technical Review}",
	booktitle=	{Proceedings, Summer Usenix Conference and Exhibition},
	pages	=	{32--41},
	month	=	jun,
	year	=	1984,
	note	=	{Salt Lake City, Utah}
}

@misc{PhDTeX,
	author	=	"E. Timothy Morgan",
	title	=	"{A Dissertation Style for \AmSTeX{}}",
	month	=	sep,
	year	=	1984,
	note	=	{Department of Information and Computer Science,
			University of California, Irvine}
}

@techreport{PIC,
	author	=	"Brian W. Kernighan",
	title	=	"{PIC --- A Graphics Language for Typesetting User
			Manual}",
	type	=	{Computing Science Technical Report},
	number	=	85,
	institution=	{Bell Laboratories},
	address	=	{Murray Hill, New Jersey},
	month	=	mar,
	year	=	1982
}

@manual{SendMail,
	title	=	"{SENDMAIL~---~An Internetwork Mail Router}",
	author	=	"Eric Allman",
	organization=	{Britton-Lee, Inc.},
	address	=	{Berkeley, California},
	month	=	jul,
	year	=	1983
}

@manual{Slides,
	title	=	"{Using \SLiTeX{} to Make Slides at NRTC}",
	author	=	mtr,
	organization=	nrtc,
	month	=	apr,
	year	=	1986
}

@book{TeXbook,
	author	=	"Donald E. Knuth",
	title	=	"{The \TeX{}book}",
	publisher=	{Addison-Wesley},
	address	=	{Reading, Massachusetts},
	year	=	1983
}

@techreport{TeX.Roff,
	author	=	"Michael Urban",
	title	=	"{A Guide to \TeX{} for the Troff User}",
	institution=	{TRW Software Productivity Project},
	month	=	oct,
	year	=	1984
}

@misc{TeX.Trip,
	author	=	"Donald E. Knuth",
	title	=	"{A Test File for \TeX{}}",
	month	=	jul,
	year	=	1983,
	note	=	{Version 0.999}
}

@manual{UCI.map,
	title	=	"{The UCI RoadMap}",
	author	=	mtr,
	organization=	cis,
	address	=	udel,
	month	=	oct,
	year	=	1984
}

@article{WEB.TUT,
	author	=	"Donald E. Knuth",
	title	=	"{Literate Programming}",
	journal	=	{The Computer Journal},
	year	=	1983
}

@misc{WEB.USR,
	author	=	"Donald E. Knuth",
	title	=	"{WEB USER MANUAL}",
	year	=	1983
}
